1518 2904
547 81 591 124 O
635 82 672 123 R
725 80 768 122 Α
811 80 850 124 T
897 84 916 124 1
960 82 1002 125 O

105 158 302 230 cepimus
315 148 380 226 5fi
394 148 534 229 quid?
549 165 797 206 teneremus
811 194 827 225 ‚
835 149 913 225 Ῑὲᾱ
926 150 1064 224 nescio
1075 171 1165 230 quo
1180 153 1313 227 pac'io
1325 159 1421 208 iam

106 237 162 292 de
181 230 387 289 manibus
405 229 595 287 elabitur
612 272 624 286 .
642 231 817 288 nullam
834 232 896 288 iili
923 236 1058 305 nosiri
1081 229 1392 310 sapientissimi
1404 274 1424 304 ,

110 333 182 384 (9·
200 309 471 392 sanc‘iiffimi
481 321 573 371 uiri
588 321 685 371 uim
700 322 910 370 concionis
922 313 1006 390 esse
1035 315 1284 371 uoluerunt
1299 356 1312 369 .
1325 336 1426 395 quae

108 397 301 477 scisceret
318 392 435 474 plebs
451 436 467 463 ,
481 411 567 451 aut
579 416 681 475 quae
695 397 886 475 populus
901 395 1066 452 iuberet
1077 393 1308 473 summota
1319 419 1427 453 cons

113 488 237 537 cione
252 520 267 547 ‚
280 475 522 553 distributis
533 476 739 555 partibus
761 476 965 535 tributim
982 520 998 547 ,
1018 495 1085 547 (5
1099 487 1391 535 centuriatim
1407 523 1424 553 ‚

113 560 330 638 descriptis
342 556 587 627 ordinibus,
600 555 805 637 classibus
815 601 831 628 ,
847 558 1066 632 aetatibus,
1083 563 1250 618 auditis
1263 566 1430 618 auc‘ion
1514 587 1518 639 ἱ

115 643 240 702 ribus
256 682 274 710 ,
288 664 336 699 re
349 642 512 698 multos
535 642 620 698 dies
635 642 942 721 promulgata,
966 660 1032 709 (9-
1047 650 1222 719 cognita
1234 688 1249 717 ,
1269 642 1431 712 iuberi,

114 724 316 806 uetariae‘p
334 725 603 781 uoluerunt.
617 740 868 782 Graecorum
886 741 1042 779 autem
1061 741 1158 779 totae
1174 727 1277 803 resp.
1296 725 1432 800 seden

116 814 173 864 tis
185 814 394 863 concionis
411 814 660 864 temeritate
672 807 1066 880 administrantur.
1082 815 1235 886 itaque
1250 826 1305 862 ut
1319 805 1435 863 hanc

118 898 337 948 Graeciam
353 929 369 958 ,
386 907 484 968 quae
498 889 661 946 iandiu
680 887 773 964 suis
783 889 962 967 confilijs
978 888 1179 968 perculsa
1203 905 1245 943 et
1260 887 1436 969 afflicta
1499 922 1503 926 -

122 973 179 1048 esi
196 1014 213 1045 ‚
243 979 450 1028 omittam
468 991 480 1026 2
498 970 575 1028 illa
588 986 748 1038 uetus,
765 991 864 1050 quae
882 972 1111 1051 quondam
1128 968 1305 1051 opibus,
1320 979 1440 1050 impe

124 1061 191 1112 rio
208 1097 225 1128 ,
233 1053 380 1131 gloria
390 1054 567 1133 floruit,
585 1048 661 1108 hoc
678 1073 772 1110 uno
790 1054 908 1109 malo
925 1055 1112 1111 concidit
1129 1095 1146 1121 ,
1161 1050 1361 1109 libertate
1371 1061 1435 1109 im

127 1137 364 1193 moderata
376 1175 393 1205 ,
408 1135 645 1193 aclicentia
657 1146 912 1193 concionum
932 1176 944 1189 .
962 1156 1066 1192 cum
1090 1144 1137 1192 in
1154 1133 1327 1192 theatro
1348 1143 1440 1191 ima

123 1225 256 1297 periti
267 1214 635 1285 homines‚rerum
656 1217 865 1273 omniurn
877 1220 1008 1273 rudes
1020 1218 1218 1294 ignat-iffi·
1237 1216 1444 1293 consedes

125 1317 266 1374 rant,
284 1317 386 1356 tum
417 1298 528 1356 bella
558 1300 744 1356 inutilia
764 1297 1086 1378 suscipiebant,
1105 1315 1204 1355 tum
1228 1299 1445 1376 fiditiosos

125 1378 324 1440 homines
339 1389 452 1460 reip.
468 1379 768 1459 praeficiebant
782 1424 799 1455 ‚
820 1398 923 1437 tum
935 1389 1095 1458 optime
1107 1388 1279 1437 meritos
1289 1389 1403 1437 ciues
1419 1377 1445 1434 ἓ

131 1472 319 1521 ciuitate
334 1463 580 1540 eijciehant.
598 1458 720 1543 quod
735 1464 777 1541 fi
792 1459 880 1519 haec
891 1461 1076 1521 Athenis
1090 1480 1192 1520 tum
1211 1504 1227 1531 ,
1243 1485 1348 1521 cum
1364 1463 1444 1520 illae
1476 1515 1479 1516 t

131 1567 223 1604 non
232 1546 378 1623 solum
394 1555 441 1603 in
457 1552 625 1605 Graecia
638 1586 655 1612 ,
665 1544 740 1620 sed
748 1564 880 1626 prope
893 1551 1065 1603 cunc‘iis
1075 1544 1284 1622 gentibus
1299 1553 1444 1602 emine

132 1626 265 1698 bant,
279 1631 466 1687 accidere
486 1628 598 1705 sunt
609 1627 742 1705 solita
759 1647 927 1707 :quam
944 1631 1285 1686 moderationem
1297 1645 1446 1708 puta:

133 1718 187 1768 tis
216 1718 265 1768 in
281 1708 479 1788 Phrygia
489 1728 574 1768 aut
587 1717 634 1767 in
653 1711 805 1788 Myfia
817 1718 1075 1768 concionum
1087 1709 1256 1790 fuiffit?
1279 1713 1448 1785 nostras

132 1793 353 1852 conciones
366 1794 549 1851 illarum
563 1800 803 1850 nationum
819 1790 1012 1849 homines
1022 1794 1274 1872 plerunque
1285 1809 1451 1873 pertur-

132 1873 248 1932 hant
272 1878 407 1955 :quid
421 1897 557 1944 ,cum
575 1877 655 1952 fili
660 1875 774 1951 sunt
786 1877 869 1954 ipsi
884 1878 1096 1944 ‚tandem
1120 1876 1451 1954 fieriputati53

132 1957 266 2032 caesus
277 1962 335 2031 esi
346 1967 492 2036 ‘uirgis
506 1966 696 2028 cynicus
711 1958 779 2013 ille
794 1954 1107 2034 Athenagoras
1122 2001 1139 2031 ,
1157 1965 1237 2037 qui
1251 1964 1299 2014 in
1320 1955 1449 2038 fame

134 2038 401 2121 stumftum
416 2057 652 2120 exportare
666 2057 761 2096 erat
780 2038 937 2114 ausus:
954 2043 1064 2098 data
1078 2048 1219 2095 concio
1232 2040 1361 2095 Laelio
1373 2041 1454 2113 est:

131 2118 327 2202 proteffit
343 2123 428 2191 iile,
445 2141 514 2190 (7-
530 2140 703 2180 Graecus
720 2125 845 2200 apud
863 2139 1029 2180 Graecos
1043 2144 1135 2179 non
1149 2124 1202 2178 de
1214 2122 1348 2200 culpa
1357 2121 1450 2197 sua

136 2205 286 2272 dixit,
298 2206 374 2280 sed
384 2207 438 2262 de
462 2223 600 2283 poena
615 2209 791 2283 questus
821 2208 880 2278 esi
898 2247 910 2259 .
925 2220 1227 2285 porrexerunt
1254 2222 1450 2260 manus:

131 2284 378 2367 psephisma
392 2306 557 2344 natum
574 2292 633 2364 esi
651 2329 663 2341 .
677 2285 755 2342 hoc
766 2291 1065 2363 testimonium
1086 2289 1161 2361 esi?
1180 2304 1326 2365 nuper
1338 2304 1453 2364 epu=

127 2367 240 2438 lati,
255 2372 391 2448 paulo
406 2387 513 2426 ante
524 2379 644 2425 omni
667 2370 902 2446 largitione
926 2371 1126 2445 saturati
1158 2376 1420 2445 pergameni
1433 2410 1451 2440 ‚

133 2454 254 2529 quod
271 2450 573 2521 Mithridates,
589 2459 674 2531 qui
688 2453 1029 2509 multitudinem
1042 2451 1165 2506 illam
1183 2472 1275 2506 non
1290 2454 1456 2506 aufin-

129 2540 263 2593 ritate
276 2575 294 2600 ,
305 2533 559 2614 sedsagina
578 2533 759 2594 tenebat
773 2575 790 2604 ,
802 2535 852 2611 [ὲ
867 2535 981 2592 uelle
994 2538 1141 2602 dixit,
1162 2535 1210 2591 id
1218 2531 1392 2609 sutores
1410 2548 1455 2588 et
